@article{SixthSense,
  title = {SixthSense: A Wearable Gestural Interface},
  author = {Mistry, Pranav and Maes, Pattie},
  journal = {Association for Computing Machinery},
  number  = {1},
  pages = {85},
  year = {2009},
}

@article{ARMobile,
  title={Face to face collaborative AR on mobile phones},
  author={Henrysson, Anders and Billinghurst, Mark and Ollila, Mark},
  booktitle={Fourth ieee and acm international symposium on mixed and augmented reality (ismar'05)},
  pages={80--89},
  year={2005},
  organization={IEEE}
}

@article{ARFoundation,
  title={AR foundation for augmented reality in unity},
  author={Chaudhry, Tanisha and Juneja, Ash and Rastogi, Shikha},
  journal={Int. J. Adv. Eng. Manage.},
  volume={3},
  number={1},
  pages={1--7},
  year={2021}
}

@book{cantor2012webgl,
  title={WebGL beginner's guide},
  author={Cantor, Diego and Jones, Brandon},
  year={2012},
  publisher={Packt Publishing Ltd}
}

@article{jabar2012software,
  title={Software requirement analysis template with automation aided system},
  author={Jabar, Marzanah A and Sidi, Fatimah and Azizan, Asyraf and Abd Ghani, Abdul Azim},
  booktitle={2012 International Conference on Information Retrieval \& Knowledge Management},
  pages={235--239},
  year={2012},
  organization={IEEE}
}

@article{dass2018augmenting,
  title={Augmenting coding: Augmented reality for learning programming},
  author={Dass, Nathan and Kim, Joonyoung and Ford, Sam and Agarwal, Sudeep and Chau, Duen Horng},
  booktitle={Proceedings of the Sixth International Symposium of Chinese CHI},
  pages={156--159},
  year={2018}
}

@article{mendez2018mobile,
  title={Mobile inside-out VR tracking, now available on your phone},
  author={Mendez, Roberto Lopez},
  booktitle={ACM SIGGRAPH 2018 Appy Hour},
  pages={1--2},
  year={2018}
}

@article{serino2016pokemon,
  title={Pok{\'e}mon Go and augmented virtual reality games: a cautionary commentary for parents and pediatricians},
  author={Serino, Maeve and Cordrey, Kyla and McLaughlin, Laura and Milanaik, Ruth L},
  journal={Current opinion in pediatrics},
  volume={28},
  number={5},
  pages={673--677},
  year={2016},
  publisher={Wolters Kluwer}
}

@book{userExperience,
  title={用户体验设计指南 从方法论到产品设计实践 全彩},
  author={蔡贇，康佳美，王子娟},
  year={2021},
  publisher={北京：电子工业出版社}
}

@article{nonphysical,
  title={AR技术在非物质文化遗产的保护与研究中的应用 ——以婺源傩舞为例},
  author={乔振华，黄志超},
  journal={电脑知识与技术},
  volume={39},
  year={2019},
}

@article{min2018evaluation,
  title={An evaluation of HTML5 and WebGL for medical imaging applications},
  author={Min, Qiusha and Wang, Zhifeng and Liu, Neng},
  journal={Journal of healthcare engineering},
  volume={2018},
  year={2018},
  publisher={Hindawi}
}

@book{almansoury2020investigating,
  title={Investigating Web3D topics on StackOverflow: a preliminary study of WebGL and Three. js},
  author={Almansoury, Farag and Kpodjedo, S{\`e}gla and Boussaidi, Ghizlane El},
  booktitle={The 25th International Conference on 3D Web Technology},
  pages={1--2},
  year={2020}
}

@article{jansen2018performance,
  title={Performance evaluation of WebRTC-based video conferencing},
  author={Jansen, Bart and Goodwin, Timothy and Gupta, Varun and Kuipers, Fernando and Zussman, Gil},
  journal={ACM SIGMETRICS Performance Evaluation Review},
  volume={45},
  number={3},
  pages={56--68},
  year={2018},
  publisher={ACM New York, NY, USA}
}

@article{dell2014automated,
  title={Automated image-based tracking and its application in ecology},
  author={Dell, Anthony I and Bender, John A and Branson, Kristin and Couzin, Iain D and de Polavieja, Gonzalo G and Noldus, Lucas PJJ and P{\'e}rez-Escudero, Alfonso and Perona, Pietro and Straw, Andrew D and Wikelski, Martin and others},
  journal={Trends in ecology \& evolution},
  volume={29},
  number={7},
  pages={417--428},
  year={2014},
  publisher={Elsevier}
}

@book{cheng2017comparison,
  title={Comparison of marker-based AR and markerless AR: A case study on indoor decoration system},
  author={Cheng, Jack CP and Chen, Keyu and Chen, Weiwei},
  booktitle={Lean and Computing in Construction Congress (LC3): Proceedings of the Joint Conference on Computing in Construction (JC3)},
  pages={483--490},
  year={2017}
}

@book{朱少民2005软件测试方法和技术,
  title={软件测试方法和技术},
  author={朱少民},
  year={2005},
  publisher={清华大学出版社有限公司}
}

@article{baruah2021creating,
  title={Creating an Augmented Reality Website with Three. js and the WebXR API},
  author={Baruah, Rakesh and Baruah, Rakesh},
  journal={AR and VR Using the WebXR API: Learn to Create Immersive Content with WebGL, Three. js, and A-Frame},
  pages={217--252},
  year={2021},
  publisher={Springer}
}

@book{gackenheimer2015introduction,
  title={Introduction to React},
  author={Gackenheimer, Cory},
  year={2015},
  publisher={Apress}
}

@book{guntupally2018spring,
  title={Spring boot based REST API to improve data quality report generation for big scientific data: ARM data center example},
  author={Guntupally, Kavya and Devarakonda, Ranjeet and Kehoe, Kenneth},
  booktitle={2018 IEEE International Conference on Big Data (Big Data)},
  pages={5328--5329},
  year={2018},
  organization={IEEE}
}

@book{hearn2004computer,
  title={Computer graphics with OpenGL},
  author={Hearn, Donald and Baker, M Pauline and Baker, M Pauline},
  volume={3},
  year={2004},
  publisher={Pearson Prentice Hall Upper Saddle River, NJ:}
}

@article{mysore2021splunk+,
  title={Splunk+ React=},
  author={Mysore, Aprameya},
  year={2021},
  publisher={Pasadena, CA: Jet Propulsion Laboratory, National Aeronautics and Space~…}
}

@article{zhang2015remote,
  title={Remote mobile health monitoring system based on smart phone and browser/server structure},
  author={Zhang, Yunzhou and Liu, Huiyu and Su, Xiaolin and Jiang, Pei and Wei, Dongfei},
  journal={Journal of healthcare engineering},
  volume={6},
  number={4},
  pages={717--738},
  year={2015},
  publisher={Hindawi}
}

@article{张宏升2011软件架构的非功能性需求指标和区域化支持,
  title={软件架构的非功能性需求指标和区域化支持},
  author={张宏升},
  journal={电脑知识与技术: 学术版},
  number={3X},
  pages={2085--2086},
  year={2011}
}

@inproceedings{tudose2021object,
  title={Object-relational Mapping Using JPA, Hibernate and Spring Data JPA},
  author={Tudose, C{\u{a}}t{\u{a}}lin and Odub{\u{a}}{\c{s}}teanu, Carmen},
  booktitle={2021 23rd International Conference on Control Systems and Computer Science (CSCS)},
  pages={424--431},
  year={2021},
  organization={IEEE}
}